@online{artemis,
    title = {ARTEMIS Industry Association, About Us},
    author = {ARTEMIS-IA},
    url = {https://artemis-ia.eu/about_artemis.html},
    date = {2020-09-11},
}

@online{arrowhead-project-call,
    title = {332987 Arrowhead project information},
    author = {Jerker Delsing},
    url = {https://artemis-ia.eu/project/49-arrowhead.html},
    date = {2020-09-11},
}

@online{arrowhead-project-about,
    title = {Arrohead Framework, This is it},
    author = {Arrowhead~project},
    url = {https://arrowhead.eu/arrowheadframework/this-is-it},
    date = {2020-09-11},
}
